<?xml version="1.0" encoding="UTF-8"?><collection xmlns="http://www.loc.gov/MARC21/slim"><record><leader>00346nam--2200121-i-4500</leader><controlfield tag="001">000012551</controlfield><controlfield tag="002">20161230</controlfield><controlfield tag="005">20161230201029</controlfield><controlfield tag="008">060222s1000------------r-----000-0-eng-d</controlfield><datafield ind1=" " ind2=" " tag="245"><subfield code="a">Benchmark papers in electrical engineering and computer science. vol.10:nonlinear systems</subfield></datafield><datafield ind1=" " ind2=" " tag="260"><subfield code="a">Stroudburg, Dowden, 1975</subfield></datafield><datafield ind1=" " ind2=" " tag="700"><subfield code="a">Haddad, A.H</subfield></datafield><datafield ind1=" " ind2=" " tag="852"><subfield code="a">45637</subfield></datafield></record></collection>